@COMMENT{
	tipos de entradas mais comuns = {},
	article = {artigo em periódico},
	book = {livro},
	online = {recurso online ou página web}
}


@article{Abedi2014,
	author = {Abedi, Z. and Saber, M. and Vojoudi, S. and Mahdavi, V. and Parsaeyan, E.},
	title = {{A}cute, sublethal, and combination effects of azadirachtin and {B}acillus thuringiensis on the cotton bollworm, {H}elicoverpa armigera},
	journal = {J. Insect Sci.},
	volume = {14},
	pages = {30-37},
	year = {2014}
}

@article{Agaisse1995,
	author = {Agaisse, H. and Lereclus, D.},
	title = {{H}ow does {B}acillus thuringiensis produce so much insecticidal crystal protein?},
	journal = {J. Bacteriol.},
	volume = {177},
	number = {21},
	pages = {6027-6032},
	year = {1995}
}

@article{AgapitoTenfen2014,
	author = {Agapito-Tenfen, S. Z. and Vilperte, V. and Benevenuto, R. F. and Rover, C. M. and Traavik, T. I. and Nodari, R. O.},
	title = {{E}ffect of stacking insecticidal cry and herbicide tolerance epsps transgenes on transgenic maize proteome},
	journal = {BMC Plant Biol},
	volume = {14},
	pages = {346},
	year = {2014}
}

@book{Nelson2014,
	author = {Nelson, David L. and Cox, Michael M.},
	title = {{P}rincípios de {B}ioquímica de {L}ehninger},
	publisher = {Artmed},
	address = {Porto Alegre},
	edition = {6},
	pages = {1328},
	year = {2014}
}

@online{BtNomenclature2016,
	author = {Crickmore, N. and Baum, J. and Bravo, A. and Lereclus, D. and Narva, K. and Sampson, K. and Schnepf, E. and Sun, M. and Zeigler, D.R.},
	title = {{B}acillus thuringiensis toxin nomenclature},
	year = {2016},
	url = {http://www.btnomenclature.info},
	urlaccessdate = {04 de out. de 2016}
}

@online{cordeiro2018,
	author = {Thiago Cordeiro},
	title = {{C}omo surgiu a chave?},
	year = {2018},
	url = {http://www.superabril.com.br/mundo-estranho/},
	urlaccessdate = {23 de fev. de 2020}
}

@online{reprizzo2018,
	author = {Reprizzo},
	title = {{H}istória das chaves e fechaduras.},
	year = {2018},
	url = {https://reprizzo.com.br/2018/12/17/historia-das-chaves-e-fechaduras/},
	urlaccessdate = {23 de fev. de 2020}	
}

@online{canabarro2019,
	author = {Amanda Canabarro},
	title = {{Q}uem inventou a fechadura?},
	year = {2019},
	url = {https://www.tricurioso.com/2019/01/22/quem-inventou-a-fechadura/},
	urlaccessdate = {23 de fev. de 2020}	
}

@online{pires2020,
	author = {Cosme Pires},
	title = {{F}echaduras {E}letrônicas ou {E}létricas - {C}omo {E}scolher?},
	year = {2020},
	url = {https://reprizzo.com.br/2018/12/17/historia-das-chaves-e-fechaduras/},
	urlaccessdate = {23 de fev. de 2020}	
}

@online{rouse2019,
	author = {Margaret Rouse},
	title = {{RFID} (radio frequency identification)},
	year = 2019,
	url = {https://internetofthingsagenda.techtarget.com/definition/RFID-radio-frequencyidentification},
	urlaccessdatte = {06 de set. de 2020}
}

@online{ciriaco2019,
	author = {Douglas Ciriaco},
	title = {{C}omo funciona a {RFID}?},
	year = {2019},
	url = {https://www.tecmundo.com.br/tendencias/2601-como-funciona-a-rfid-.htm},
	urlaccessdate = {06 de set. de 2020}
}

@online{gbur2017,
	author = {Felipe Gbur},
	title = {{M}ódulo {RFID} {RC}522 {M}ifare com {A}rduino},
	year = {2017},
	url = {https://portal.vidadesilicio.com.br/modulo-rfid-rc522-mifare/},
	urlaccessdate = {06 de set. de 2020}
}

@online{componentes1012017,
	author = {Components101},
	title = {16{X}2 {LCD} {M}odule},
	year = {2017},
	url = {https://components101.com/16x2-lcd-pinout-datasheet},
	urlaccessdate = {06 de set. de 2020}
}

@online{intelbras2019,
	author = {Intelbras},
	title = {{C}onheça os tipos de fechaduras para condomínio e suas aplicações.},
	year = {2019},
	url = {http://blog.intelbras.com.br/conheca-os-tipos-de-fechaduras-paracondominios-e-suas-aplicacoes/},
	urlaccessdate = {23 de set. de 2020}
}

@online{madeira2018,
	author = {Daniel Madeira},
	title = {{T}rava elétrica solenoide com Arduino.},
	year = {2018},
	url = {https://portal.vidadesilicio.com.br/trava-eletrica-solenoide/#A_trava_eletrica_solenoide},
	urlaccessdate = {23 de set. de 2020}
}

@online{desterro2018,
	author = {Desterro},
	title = {{F}echadura {E}letromagnética {T}rava {E}letroímã},
	year = {2018},
	url = {https://www.desterroeletricidade.com.br/blog/sistema-de-seguranca/fechadura-eletromagnetica-trava-eletroima/},
	urlaccessdate = {23 de set. de 2020}
}

@online{hammerschmidt2012,
	author = {Roberto Hammerschmidt},
	title = {{O} que é memória {F}lash?},
	year = {2012},
	url = {https://www.tecmundo.com.br/hardware/198-o-que-e-memoria-flash-.htm},
	urlaccessdate = {07 de out. de 2020}
}

@online{alencar2012,
	author = {Felipe Alencar},
	title = {{E}ntenda como funcionam as memórias {F}lash, o coração dos seus eletrônicos},
	year ={2012},
	url = {https://www.guiadopc.com.br/artigos/22397/entenda-como-funciona-memorias-flash-coracao-dos-seus-eletronicos.html},
	urlaccesdate = {08 de out. de 2020}
}

@online{morimoto2005,
	author = {Carlos E. Morimoto},
	title = {{M}emória {F}lash},
	year = {2005},
	url = {https://www.hardware.com.br/termos/memoria-flash},
	urlaccesdate = {08 de out. de 2020}
}
\\
@online{paul2014,
	author = {Paul},
	title = {{B}etter {SPI} {B}us {D}esign in 3 {S}teps},
	year = {2014},
	url = {https://dorkbotpdx.org/blog/paul/better_spi_bus_design_in_3_steps/},
	urlaccesdate = {09 de out. de 2020}
}

@online{mallari2020,
	author = {Jan Mallari},
	title = {HOW TO USE A REAL-TIME CLOCK MODULE WITH THE ARDUINO},
	year = {2020},
	url = {https://www.circuitbasics.com/how-to-use-a-real-time-clock-module-with-the-arduino/},
	urlaccessdate = {09 de out. de 2020}
}